<?xml version="1.0" encoding="UTF-8"?><collection xmlns="http://www.loc.gov/MARC21/slim"><record><leader>00433nam--2200181-u-4500</leader><controlfield tag="001">000050660</controlfield><controlfield tag="002">20161230</controlfield><controlfield tag="005">20161230201048</controlfield><controlfield tag="008">080304s1000------------r-----000-0-eng-d</controlfield><datafield ind1=" " ind2=" " tag="020"><subfield code="a">0750650125</subfield></datafield><datafield ind1=" " ind2=" " tag="040"><subfield code="a">IFIN-HH</subfield></datafield><datafield ind1=" " ind2=" " tag="080"><subfield code="a">530.145:72</subfield></datafield><datafield ind1="1" ind2=" " tag="100"><subfield code="a">Arida,A</subfield></datafield><datafield ind1="1" ind2="0" tag="245"><subfield code="a">Quantum city</subfield><subfield code="c">Ayssar arida</subfield></datafield><datafield ind1=" " ind2=" " tag="260"><subfield code="a">Oxford</subfield><subfield code="b">Architectural Press</subfield><subfield code="c">2002</subfield></datafield><datafield ind1=" " ind2=" " tag="300"><subfield code="a">XX+257 p</subfield></datafield><datafield ind1=" " ind2=" " tag="852"><subfield code="a">81983</subfield><subfield code="c">53</subfield></datafield><datafield ind1=" " ind2=" " tag="CAT"><subfield code="a">Sys</subfield><subfield code="c">20151012</subfield><subfield code="h">083533</subfield></datafield></record></collection>